@article{Keasar:2002,
	author = {Keasar, Tamar and Rashkovich, Ella and Cohen, Dan and Shmida, Avi},
	year = {2002},
	month = {11},
	pages = {757-765},
	title = {Bees in two-armed bandit situations: Foraging choices and possible decision mechanisms},
	volume = {13},
	journal = {Behavioral Ecology},
	doi = {10.1093/beheco/13.6.757}
}

@article{Robbins:1952,
	author = {Robbins, Herbert},
	title = {Some aspects of the sequential design of experiments},
	journal = {Bulletin of the American Mathematical Society},
	year = {1952},
	volume = {58},
	pages = {527-535}
}

@book{Sutton1998,
	added-at = {2019-07-13T10:11:53.000+0200},
	author = {Sutton, Richard S. and Barto, Andrew G.},
	biburl = {https://www.bibsonomy.org/bibtex/2f46601cf8b13d39d1378af0d79438b12/lanteunis},
	edition = {Second},
	interhash = {ac6b144aaec1819919a2fba9f705c852},
	intrahash = {f46601cf8b13d39d1378af0d79438b12},
	keywords = {},
	publisher = {The MIT Press},
	timestamp = {2019-07-13T10:11:53.000+0200},
	title = {Reinforcement Learning: An Introduction},
	url = {http://incompleteideas.net/book/the-book-2nd.html},
	year = {2018 }
}



@article{Littman1996,
	author    = {Leslie Pack Kaelbling and
	Michael L. Littman and
	Andrew W. Moore},
	title     = {Reinforcement Learning: {A} Survey},
	journal   = {CoRR},
	volume    = {cs.AI/9605103},
	year      = {1996},
	url       = {https://arxiv.org/abs/cs/9605103},
	timestamp = {Fri, 10 Jan 2020 12:58:17 +0100},
	biburl    = {https://dblp.org/rec/journals/corr/cs-AI-9605103.bib},
	bibsource = {dblp computer science bibliography, https://dblp.org}
}

@article{silver2017mastering,
	title={Mastering Chess and Shogi by Self-Play with a General Reinforcement Learning Algorithm}, 
	author={David Silver and Thomas Hubert and Julian Schrittwieser and Ioannis Antonoglou and Matthew Lai and Arthur Guez and Marc Lanctot and Laurent Sifre and Dharshan Kumaran and Thore Graepel and Timothy Lillicrap and Karen Simonyan and Demis Hassabis},
	year={2017},
	eprint={1712.01815},
	archivePrefix={arXiv},
	primaryClass={cs.AI}
}

@article{mnih2015humanlevel,
	added-at = {2015-08-26T14:46:40.000+0200},
	author = {Mnih, Volodymyr and Kavukcuoglu, Koray and Silver, David and Rusu, Andrei A. and Veness, Joel and Bellemare, Marc G. and Graves, Alex and Riedmiller, Martin and Fidjeland, Andreas K. and Ostrovski, Georg and Petersen, Stig and Beattie, Charles and Sadik, Amir and Antonoglou, Ioannis and King, Helen and Kumaran, Dharshan and Wierstra, Daan and Legg, Shane and Hassabis, Demis},
	biburl = {https://www.bibsonomy.org/bibtex/2fb15f4471c81dc2b9edf2304cb2f7083/hotho},
	description = {Human-level control through deep reinforcement learning - nature14236.pdf},
	interhash = {eac59980357d99db87b341b61ef6645f},
	intrahash = {fb15f4471c81dc2b9edf2304cb2f7083},
	issn = {00280836},
	journal = {Nature},
	keywords = {deep learning toread},
	month = feb,
	number = 7540,
	pages = {529--533},
	publisher = {Nature Publishing Group, a division of Macmillan Publishers Limited. All Rights Reserved.},
	timestamp = {2015-08-26T14:46:40.000+0200},
	title = {Human-level control through deep reinforcement learning},
	url = {http://dx.doi.org/10.1038/nature14236},
	volume = 518,
	year = 2015
}

@inproceedings{TurchettaB016,
	added-at = {2016-12-16T00:00:00.000+0100},
	author = {Turchetta, Matteo and Berkenkamp, Felix and Krause, Andreas},
	booktitle = {NIPS},
	editor = {Lee, Daniel D. and Sugiyama, Masashi and von Luxburg, Ulrike and Guyon, Isabelle and Garnett, Roman},
	ee = {http://papers.nips.cc/paper/6358-safe-exploration-in-finite-markov-decision-processes-with-gaussian-processes},
	pages = {4305-4313},
	timestamp = {2017-03-04T11:37:29.000+0100},
	title = {Safe Exploration in Finite Markov Decision Processes with Gaussian Processes.},
	url = {http://dblp.uni-trier.de/db/conf/nips/nips2016.html#TurchettaB016},
	year = 2016
}

@inproceedings{SuiGBK15,
	added-at = {2019-05-29T00:00:00.000+0200},
	author = {Sui, Yanan and Gotovos, Alkis and Burdick, Joel W. and Krause, Andreas},
	booktitle = {ICML},
	editor = {Bach, Francis R. and Blei, David M.},
	ee = {http://proceedings.mlr.press/v37/sui15.html},
	pages = {997-1005},
	publisher = {JMLR.org},
	series = {JMLR Workshop and Conference Proceedings},
	timestamp = {2019-05-30T11:54:31.000+0200},
	title = {Safe Exploration for Optimization with Gaussian Processes.},
	url = {http://dblp.uni-trier.de/db/conf/icml/icml2015.html#SuiGBK15},
	volume = 37,
	year = 2015
}

@inproceedings{YoungHRK18,
	added-at = {2020-01-09T00:00:00.000+0100},
	author = {Young, M. Todd and Hinkle, Jacob D. and Ramanathan, Arvind and Kannan, Ramakrishnan},
	booktitle = {SBAC-PAD},
	ee = {https://doi.org/10.1109/CAHPC.2018.8645954},
	isbn = {978-1-5386-7769-8},
	keywords = {dblp},
	pages = {339-347},
	publisher = {IEEE},
	timestamp = {2020-01-10T11:50:16.000+0100},
	title = {HyperSpace: Distributed Bayesian Hyperparameter Optimization.},
	url = {http://dblp.uni-trier.de/db/conf/sbac-pad/sbac-pad2018.html#YoungHRK18},
	year = 2018
}

@article{Srinivas-Bandits,
	author    = {Niranjan Srinivas and
	Andreas Krause and
	Sham M. Kakade and
	Matthias W. Seeger},
	title     = {Gaussian Process Bandits without Regret: An Experimental Design Approach},
	journal   = {CoRR},
	volume    = {abs/0912.3995},
	year      = {2009},
	url       = {http://arxiv.org/abs/0912.3995},
	eprinttype = {arXiv},
	eprint    = {0912.3995},
	timestamp = {Mon, 13 Aug 2018 16:45:57 +0200},
	biburl    = {https://dblp.org/rec/journals/corr/abs-0912-3995.bib},
	bibsource = {dblp computer science bibliography, https://dblp.org}
}

@article{Freitas-BO,
	author = {Brochu, Eric and Cora, Vlad and Freitas, Nando},
	year = {2010},
	month = {12},
	pages = {},
	title = {A Tutorial on Bayesian Optimization of Expensive Cost Functions, with Application to Active User Modeling and Hierarchical Reinforcement Learning},
	volume = {abs/1012.2599},
	journal = {CoRR}
}


@INPROCEEDINGS{Shahrampour,
	author={Shahrampour, Shahin and Rakhlin, Alexander and Jadbabaie, Ali},  
	booktitle={2017 IEEE International Conference on Acoustics, Speech and Signal Processing (ICASSP)},   
	title={Multi-armed bandits in multi-agent networks},   
	year={2017},  
	volume={},  
	number={},  
	pages={2786-2790},  
	doi={10.1109/ICASSP.2017.7952664}
}

@article{Sankararaman.ma.mab,
	author = {Sankararaman, Abishek and Ganesh, Ayalvadi and Shakkottai, Sanjay},
	title = {Social Learning in Multi Agent Multi Armed Bandits},
	year = {2019},
	issue_date = {December 2019},
	publisher = {Association for Computing Machinery},
	volume = {3},
	number = {3},
	doi = {10.1145/3366701},
	journal = {Proc. ACM Meas. Anal. Comput. Syst.},
	articleno = {53},
	numpages = {35},
}

@misc{chawla2020gossiping,
	title={The Gossiping Insert-Eliminate Algorithm for Multi-Agent Bandits}, 
	author={Ronshee Chawla and Abishek Sankararaman and Ayalvadi Ganesh and Sanjay Shakkottai},
	year={2020},
	eprint={2001.05452},
	archivePrefix={arXiv},
	primaryClass={cs.LG}
}

@inproceedings{Daniel.robust.ma.mab,
	author = {Vial, Daniel and Shakkottai, Sanjay and Srikant, R.},
	title = {Robust Multi-Agent Multi-Armed Bandits},
	year = {2021},
	isbn = {9781450385589},
	publisher = {Association for Computing Machinery},
	booktitle = {Proceedings of the Twenty-Second International Symposium on Theory, Algorithmic Foundations, and Protocol Design for Mobile Networks and Mobile Computing},
	pages = {161–170},
	numpages = {10},
}

@inproceedings{pmlr-v84-kandasamy18a,
	title     = {Parallelised Bayesian Optimisation via Thompson Sampling},
	author    = {Kandasamy, Kirthevasan and Krishnamurthy, Akshay and Schneider, Jeff and Poczos, Barnabas},
	booktitle = {Proceedings of the Twenty-First International Conference on Artificial Intelligence and Statistics},
	pages     = {133--142},
	year      = {2018},
	editor    = {Storkey, Amos and Perez-Cruz, Fernando},
	volume    = {84},
	month     = {Apr},
	publisher = {PMLR}
}

@inproceedings{Ruben.distr.bo,
	author    = {Garcia-Barcos, Javier and Martinez-Cantin, Ruben},
	title     = {Fully Distributed Bayesian Optimization with Stochastic Policies},
	year      = {2019},
	isbn      = {9780999241141},
	publisher = {AAAI Press},
	booktitle = {Proceedings of the 28th International Joint Conference on Artificial Intelligence},
	pages     = {2357–2363},
	series    = {IJCAI'19}
}


@inproceedings{pmlr-v9-grunewalder10a,
	title     = {Regret Bounds for Gaussian Process Bandit Problems},
	author    = {Grünewälder, Steffen and Audibert, Jean–Yves and Opper, Manfred and Shawe–Taylor, John},
	booktitle = {Proceedings of the Thirteenth ICAIS},
	pages     = {273--280},
	year      = {2010},
	editor    = {Teh, Yee Whye and Titterington, Mike},
	volume    = {9},
	publisher = {PMLR}
}

@article{Srinivas.2012,
	title     = {Information-Theoretic Regret Bounds for Gaussian Process Optimization in the Bandit Setting},
	volume    = {58},
	issn      = {1557-9654},
	number    = {5},
	journal   = {IEEE Transactions on Information Theory},
	publisher = {Institute of Electrical and Electronics Engineers (IEEE)},
	author    = {Srinivas, Niranjan and Krause, Andreas and Kakade, Sham M. and Seeger, Matthias W.},
	year      = {2012},
	month     = {May},
	pages     = {3250–3265}
}

@article{garcia15a,
	author  = {Javier Garc{{\'i}}a and Fern and o Fern{{\'a}}ndez},
	title   = {A Comprehensive Survey on Safe Reinforcement Learning},
	journal = {Journal of Machine Learning Research},
	year    = {2015},
	volume  = {16},
	number  = {42},
	pages   = {1437-1480},
	url     = {http://jmlr.org/papers/v16/garcia15a.html}
}

@inproceedings{sui15,
	title     = {Safe Exploration for Optimization with Gaussian Processes},
	author    = {Sui, Yanan and Gotovos, Alkis and Burdick, Joel and Krause, Andreas},
	booktitle = {Proceedings of the 32nd International Conference on Machine Learning},
	pages     = {997--1005},
	year      = {2015},
	editor    = {Bach, Francis and Blei, David},
	volume    = {37},
	series    = {Proceedings of Machine Learning Research},
	address   = {Lille, France},
	month     = {07--09 Jul},
	publisher = {PMLR},
	pdf       = {http://proceedings.mlr.press/v37/sui15.pdf},
	url       = {https://proceedings.mlr.press/v37/sui15.html},
}

@book{RasmussenW06,
	author    = {Rasmussen, Carl Edward and Williams, Christopher K. I.},
	isbn      = {026218253X},
	publisher = {MIT Press},
	series    = {Adaptive computation and machine learning},
	title     = {Gaussian processes for machine learning.},
	year      = 2006
}

@article{mab-intro,
	url = {http://dx.doi.org/10.1561/2200000068},
	year = {2019},
	volume = {12},
	journal = {Foundations and Trends® in Machine Learning},
	title = {Introduction to Multi-Armed Bandits},
	doi = {10.1561/2200000068},
	issn = {1935-8237},
	number = {1-2},
	pages = {1-286},
	author = {Aleksandrs Slivkins }
}

@article{cs4787,
	title={Gaussian Processes and Bayesian Optimization},
	journal={Lecture 16: CS4787 - Principles of Large-Scale Machine Learning Systems - Computer Science Department - Cornell University},
}

@inproceedings{SnoekLA12,
	added-at = {2018-11-06T16:55:56.000+0100},
	author = {Snoek, Jasper and Larochelle, Hugo and Adams, Ryan P.},
	booktitle = {NIPS},
	editor = {Bartlett, Peter L. and Pereira, Fernando C. N. and Burges, Christopher J. C. and Bottou, Léon and Weinberger, Kilian Q.},
	ee = {http://papers.nips.cc/paper/4522-practical-bayesian-optimization-of-machine-learning-algorithms},
	keywords = {learning machine machine-learning parameter-tuning tuning},
	pages = {2960-2968},
	timestamp = {2018-11-06T16:55:56.000+0100},
	title = {Practical Bayesian Optimization of Machine Learning Algorithms.},
	url = {http://dblp.uni-trier.de/db/conf/nips/nips2012.html#SnoekLA12},
	year = 2012
}

@INPROCEEDINGS{mujoco,
	author={Todorov, Emanuel and Erez, Tom and Tassa, Yuval},
	booktitle={2012 IEEE/RSJ International Conference on Intelligent Robots and Systems}, 
	title={MuJoCo: A physics engine for model-based control}, 
	year={2012},
	volume={},
	number={},
	pages={5026-5033},
	doi={10.1109/IROS.2012.6386109}
}



@article{ray.framework,
	author    = {Philipp Moritz and
	Robert Nishihara and
	Stephanie Wang and
	Alexey Tumanov and
	Richard Liaw and
	Eric Liang and
	William Paul and
	Michael I. Jordan and
	Ion Stoica},
	title     = {Ray: {A} Distributed Framework for Emerging {AI} Applications},
	journal   = {CoRR},
	volume    = {abs/1712.05889},
	year      = {2017},
	url       = {http://arxiv.org/abs/1712.05889},
	eprinttype = {arXiv},
	eprint    = {1712.05889},
	timestamp = {Mon, 13 Aug 2018 16:46:39 +0200},
	biburl    = {https://dblp.org/rec/journals/corr/abs-1712-05889.bib},
	bibsource = {dblp computer science bibliography, https://dblp.org}
}

@INPROCEEDINGS{LQR,
	author={Marco, Alonso and Hennig, Philipp and Bohg, Jeannette and Schaal, Stefan and Trimpe, Sebastian},
	booktitle={2016 IEEE International Conference on Robotics and Automation (ICRA)}, 
	title={Automatic LQR tuning based on Gaussian process global optimization}, 
	year={2016},
	volume={},
	number={},
	pages={270-277},
	doi={10.1109/ICRA.2016.7487144}
}



@article{gosafeopt,
	author    = {Bhavya Sukhija and
	Matteo Turchetta and
	David Lindner and
	Andreas Krause and
	Sebastian Trimpe and
	Dominik Baumann},
	title     = {Scalable Safe Exploration for Global Optimization of Dynamical Systems},
	journal   = {CoRR},
	volume    = {abs/2201.09562},
	year      = {2022},
	url       = {https://arxiv.org/abs/2201.09562},
	eprinttype = {arXiv},
	eprint    = {2201.09562},
	timestamp = {Tue, 01 Feb 2022 14:59:01 +0100},
	biburl    = {https://dblp.org/rec/journals/corr/abs-2201-09562.bib},
	bibsource = {dblp computer science bibliography, https://dblp.org}
}

@TECHREPORT{cifar10,
	author = {Alex Krizhevsky},
	title = {Learning multiple layers of features from tiny images},
	institution = {},
	year = {2009}
}

@article{mas.survey,
	author = {Stone, Peter and Veloso, Manuela},
	year = {2000},
	month = {05},
	pages = {},
	title = {Multiagent Systems: A Survey from a Machine Learning Perspective},
	volume = {8},
	journal = {Autonomous Robots},
	doi = {10.1023/A:1008942012299}
}

@misc{chen2018bayesian,
	title         = {Bayesian Optimization in AlphaGo},
	author        = {Yutian Chen and Aja Huang and Ziyu Wang and Ioannis Antonoglou and Julian Schrittwieser and David Silver and Nando de Freitas},
	year          = {2018},
	eprint        = {1812.06855},
	archiveprefix = {arXiv},
	primaryclass  = {cs.LG}
}

@article{ucb1,
	author = {Auer, Peter and Cesa-Bianchi, Nicol\`{o} and Fischer, Paul},
	title = {Finite-Time Analysis of the Multiarmed Bandit Problem},
	year = {2002},
	issue_date = {May-June 2002},
	publisher = {Kluwer Academic Publishers},
	address = {USA},
	volume = {47},
	number = {2–3},
	issn = {0885-6125},
	url = {https://doi.org/10.1023/A:1013689704352},
	doi = {10.1023/A:1013689704352},
	journal = {Mach. Learn.},
	month = {may},
	pages = {235–256},
	numpages = {22},
	keywords = {finite horizon regret, adaptive allocation rules, bandit problems}
}